
@preamble { "This should appear before the bibliography. " }
@preamble { "As well as this. " }
@preamble { "And a third. " }
