@article{b02,
  author = {{Berger}, E.},
  doi = {10.1086/340301},
  issn = {0004-637X},
  journal = {ApJ},
  pages = {503},
  url = {http://dx.doi.org/10.1086/340301},
  volume = {572},
  year = {2002}
}

@article{bbb+01,
  author = {{Berger}, E. and {Ball}, S. and {Becker}, K. M. and {Clarke}, M. and {Frail}, D. A. and {Fukuda}, T. A. and {Hoffman}, I. M. and {Mellon}, R. and {Momjian}, E. and {Murphy}, N. W. and {Teng}, S. H. and {Woodruff}, T. and {Zauderer}, B. A. and {Zavala}, R. T.},
  doi = {10.1038/35066514},
  issn = {0028-0836},
  journal = {Natur},
  pages = {338},
  url = {http://dx.doi.org/10.1038/35066514},
  volume = {410},
  year = {2001}
}

@article{bbf+10,
  author = {{Berger}, E. and {Basri}, G. and {Fleming}, T. A. and {Giampapa}, M. S. and {Gizis}, J. E. and {Liebert}, J. and {Mart\'{\i}n}, E. and {Phan-Bao}, N. and {Rutledge}, R. E.},
  doi = {10.1088/0004-637x/709/1/332},
  issn = {0004-637X},
  journal = {ApJ},
  pages = {332},
  url = {http://dx.doi.org/10.1088/0004-637x/709/1/332},
  volume = {709},
  year = {2010}
}

@article{bbg+08,
  author = {{Berger}, E. and {Basri}, G. and {Gizis}, J. E. and {Giampapa}, M. S. and {Rutledge}, R. E. and {Liebert}, J. and {Mart\'{\i}n}, E. and {Fleming}, T. A. and {Johns-Krull}, C. M. and {Phan-Bao}, N. and {Sherry}, W. H.},
  doi = {10.1086/529131},
  issn = {0004-637X},
  journal = {ApJ},
  pages = {1307},
  url = {http://dx.doi.org/10.1086/529131},
  volume = {676},
  year = {2008}
}

@inproceedings{bmm+14,
  address = {Tucson, AZ, USA},
  author = {{Bouvier}, J. and {Matt}, S. P. and {Mohanty}, S. and {Scholz}, A. and {Stassun}, K. G. and {Zanni}, C.},
  booktitle = {Protostars and Planets VI},
  doi = {10.2458/azu\_uapress\_9780816531240-ch019},
  editor = {{Beuther}, Henrik and {Klessen}, Ralf S. and {Dullemond}, Cornelis P. and {Henning}, Thomas},
  pages = {433},
  publisher = {University of Arizona Press},
  url = {http://dx.doi.org/10.2458/azu\_uapress\_9780816531240-ch019},
  year = {2014}
}

@article{bp05,
  author = {{Burgasser}, Adam J. and {Putman}, Mary E.},
  doi = {10.1086/429788},
  issn = {0004-637X},
  journal = {ApJ},
  number = {1},
  pages = {486},
  url = {http://dx.doi.org/10.1086/429788},
  volume = {626},
  year = {2005}
}

@article{brpb+09,
  author = {{Berger}, E. and {Rutledge}, R. E. and {Phan-Bao}, N. and {Basri}, G. and {Giampapa}, M. S. and {Gizis}, J. E. and {Liebert}, J. and {Mart\'{\i}n}, E. and {Fleming}, T. A.},
  doi = {10.1088/0004-637x/695/1/310},
  issn = {0004-637X},
  journal = {ApJ},
  pages = {310},
  url = {http://dx.doi.org/10.1088/0004-637x/695/1/310},
  volume = {695},
  year = {2009}
}

@article{brr+05,
  author = {{Berger}, E. and {Rutledge}, R. E. and {Reid}, I. N. and {Bildsten}, L. and {Gizis}, J. E. and {Liebert}, J. and {Mart\'{\i}n}, E. and {Basri}, G. and {Jayawardhana}, R. and {Brandeker}, A. and {Fleming}, T. A. and {Johns-Krull}, C. M. and {Giampapa}, M. S. and {Hawley}, S. L. and {Schmitt}, J. H. M. M.},
  doi = {10.1086/430343},
  issn = {0004-637X},
  journal = {ApJ},
  number = {2},
  pages = {960},
  url = {http://dx.doi.org/10.1086/430343},
  volume = {627},
  year = {2005}
}

@article{bwh95,
  author = {{Becker}, R. H. and {White}, R. L. and {Helfand}, D. J.},
  doi = {10.1086/176166},
  issn = {0004-637X},
  journal = {ApJ},
  pages = {559},
  url = {http://dx.doi.org/10.1086/176166},
  volume = {450},
  year = {1995}
}

@inproceedings{cgb05,
  author = {{Cornwell}, T. J. and {Golap}, K. and {Bhatnagar}, S.},
  booktitle = {Astronomical Data Analysis Software and Systems XIV},
  editor = {{Shopbell}, P. and {Britton}, M. and {Ebert}, R.},
  pages = {86},
  series = {Astronomical Society of the Pacific Conference Series},
  url = {http://adsabs.harvard.edu/abs/2005ASPC..347...86C},
  volume = {347},
  year = {2005}
}

@article{cwb14,
  author = {{Cook}, B. A. and {Williams}, P. K. G. and {Berger}, E.},
  doi = {10.1088/0004-637X/785/1/10},
  issn = {0004-637X},
  journal = {ApJ},
  number = {1},
  pages = {10},
  url = {http://dx.doi.org/10.1088/0004-637X/785/1/10},
  volume = {785},
  year = {2014}
}

@article{d85,
  author = {{Dulk}, G. A.},
  doi = {10.1146/annurev.aa.23.090185.001125},
  issn = {0066-4146},
  journal = {ARA\&A},
  number = {1},
  pages = {169},
  url = {http://dx.doi.org/10.1146/annurev.aa.23.090185.001125},
  volume = {23},
  year = {1985}
}

@article{ddyr93,
  author = {{Durney}, B. R. and {de Young}, D. S. and {Roxburgh}, I. W.},
  doi = {10.1007/bf00690652},
  issn = {0038-0938},
  journal = {SoPh},
  pages = {207},
  url = {http://dx.doi.org/10.1007/bf00690652},
  volume = {145},
  year = {1993}
}

@article{dfr+16,
  archiveprefix = {arxiv},
  author = {{Dupuy}, Trent J. and {Forbrich}, Jan and {Rizzuto}, Aaron and {Mann}, Andrew W. and {Aller}, Kimberly and {Liu}, Michael C. and {Kraus}, Adam L. and {Berger}, Edo},
  eprint = {1605.07182},
  journal = {ApJ in press},
  url = {http://arxiv.org/abs/1605.07182},
  year = {2016}
}

@article{fdr+16,
  archiveprefix = {arxiv},
  author = {{Forbrich}, Jan and {Dupuy}, Trent J. and {Reid}, Mark J. and {Berger}, Edo and {Rizzuto}, Aaron and {Mann}, Andrew W. and {Liu}, Michael C. and {Aller}, Kimberly and {Kraus}, Adam L.},
  eprint = {1605.07177},
  journal = {ApJ in press},
  url = {http://arxiv.org/abs/1605.07177},
  year = {2016}
}

@article{frf+15,
  author = {{Filippazzo}, Joseph C. and {Rice}, Emily L. and {Faherty}, Jacqueline and {Cruz}, Kelle L. and {Gordon}, Mollie M. Van and {Looper}, Dagny L.},
  doi = {10.1088/0004-637X/810/2/158},
  issn = {0004-637X},
  journal = {ApJ},
  number = {2},
  pages = {158},
  url = {http://dx.doi.org/10.1088/0004-637X/810/2/158},
  volume = {810},
  year = {2015}
}

@article{gb93,
  author = {{G\"{u}del}, Manuel and {Benz}, Arnold O.},
  doi = {10.1086/186766},
  issn = {2041-8205},
  journal = {ApJL},
  pages = {L63},
  url = {http://dx.doi.org/10.1086/186766},
  volume = {405},
  year = {1993}
}

@article{gmr+00,
  author = {{Gizis}, John E. and {Monet}, David G. and {Reid}, I. Neill and {Kirkpatrick}, J. Davy and {Liebert}, James and {Williams}, Rik J.},
  doi = {10.1086/301456},
  issn = {0004-6256},
  journal = {AJ},
  number = {2},
  pages = {1085},
  url = {http://dx.doi.org/10.1086/301456},
  volume = {120},
  year = {2000}
}

@article{grh02,
  author = {{Gizis}, John E. and {Reid}, I. Neill and {Hawley}, Suzanne L.},
  doi = {10.1086/340465},
  issn = {0004-6256},
  journal = {AJ},
  pages = {3356},
  url = {http://dx.doi.org/10.1086/340465},
  volume = {123},
  year = {2002}
}

@article{had+06,
  author = {{Hallinan}, G. and {Antonova}, A. and {Doyle}, J. G. and {Bourke}, S. and {Brisken}, W. F. and {Golden}, A.},
  doi = {10.1086/508678},
  issn = {0004-637X},
  journal = {ApJ},
  pages = {690},
  url = {http://dx.doi.org/10.1086/508678},
  volume = {653},
  year = {2006}
}

@article{had+08,
  author = {{Hallinan}, G. and {Antonova}, A. and {Doyle}, J. G. and {Bourke}, S. and {Lane}, C. and {Golden}, A.},
  doi = {10.1086/590360},
  issn = {0004-637X},
  journal = {ApJ},
  number = {1},
  pages = {644},
  url = {http://dx.doi.org/10.1086/590360},
  volume = {684},
  year = {2008}
}

@article{hjas+04,
  author = {{Hook}, I. M. and {J\o{}rgensen}, Inger and {Allington-Smith}, J. R. and {Davies}, R. L. and {Metcalfe}, N. and {Murowinski}, R. G. and {Crampton}, D.},
  doi = {10.1086/383624},
  issn = {0004-6280},
  journal = {PASP},
  pages = {425},
  url = {http://dx.doi.org/10.1086/383624},
  volume = {116},
  year = {2004}
}

@article{hmk15,
  author = {{Heinze}, Aren N. and {Metchev}, Stanimir and {Kellogg}, Kendra},
  doi = {10.1088/0004-637X/801/2/104},
  issn = {0004-637X},
  journal = {ApJ},
  number = {2},
  pages = {104},
  url = {http://dx.doi.org/10.1088/0004-637X/801/2/104},
  volume = {801},
  year = {2015}
}

@article{kar+78,
  author = {{Kaiser}, M. L. and {Alexander}, J. K. and {Riddle}, A. C. and {Pearce}, J. B. and {Warwick}, J. W.},
  doi = {10.1029/GL005i010p00857},
  issn = {1944-8007},
  journal = {GeoRL},
  pages = {857},
  url = {http://dx.doi.org/10.1029/GL005i010p00857},
  volume = {5},
  year = {1978}
}

@article{kar+78.erratum,
  author = {{Kaiser}, M. L. and {Alexander}, J. K. and {Riddle}, A. C. and {Pearce}, J. B. and {Warwick}, J. W.},
  doi = {10.1029/GL005i012p01087},
  issn = {144-8007},
  journal = {Geophysical Research Letters},
  pages = {1087},
  url = {http://dx.doi.org/10.1029/GL005i012p01087},
  volume = {5},
  year = {1978}
}

@article{kcg+11,
  author = {{Kirkpatrick}, J. Davy and {Cushing}, Michael C. and {Gelino}, Christopher R. and {Griffith}, Roger L. and {Skrutskie}, Michael F. and {Marsh}, Kenneth A. and {Wright}, Edward L. and {Mainzer}, A. and {Eisenhardt}, Peter R. and {McLean}, Ian S. and {Thompson}, Maggie A. and {Bauer}, James M. and {Benford}, Dominic J. and {Bridge}, Carrie R. and {Lake}, Sean E. and {Petty}, Sara M. and {Stanford}, S. A. and {Tsai}, Chao-Wei and {Bailey}, Vanessa and {Beichman}, Charles A. and {Bloom}, Joshua S. and {Bochanski}, John J. and {Burgasser}, Adam J. and {Capak}, Peter L. and {Cruz}, Kelle L. and {Hinz}, Philip M. and {Kartaltepe}, Jeyhan S. and {Knox}, Russell P. and {Manohar}, Swarnima and {Masters}, Daniel and {Morales-Calder\'{o}n}, Maria and {Prato}, Lisa A. and {Rodigas}, Timothy J. and {Salvato}, Mara and {Schurr}, Steven D. and {Scoville}, Nicholas Z. and {Simcoe}, Robert A. and {Stapelfeldt}, Karl R. and {Stern}, Daniel and {Stock}, Nathan D. and {Vacca}, William D.},
  doi = {10.1088/0067-0049/197/2/19},
  issn = {0067-0049},
  journal = {ApJS},
  number = {2},
  pages = {19},
  url = {http://dx.doi.org/10.1088/0067-0049/197/2/19},
  volume = {192},
  year = {2011}
}

@article{kgc+12,
  author = {{Kirkpatrick}, J. Davy and {Gelino}, Christopher R. and {Cushing}, Michael C. and {Mace}, Gregory N. and {Griffith}, Roger L. and {Skrutskie}, Michael F. and {Marsh}, Kenneth A. and {Wright}, Edward L. and {Eisenhardt}, Peter R. and {McLean}, Ian S. and {Mainzer}, Amanda K. and {Burgasser}, Adam J. and {Tinney}, C. G. and {Parker}, Stephen and {Salter}, Graeme},
  doi = {10.1088/0004-637X/753/2/156},
  issn = {0004-637X},
  journal = {ApJ},
  number = {2},
  pages = {156},
  url = {http://dx.doi.org/10.1088/0004-637X/753/2/156},
  volume = {753},
  year = {2012}
}

@article{khp+16,
  author = {{Kao}, Melodie M. and {Hallinan}, Gregg and {Pineda}, J. Sebastian and {Escala}, Ivanna and {Burgasser}, Adam and {Bourke}, Stephen and {Stevenson}, David},
  doi = {10.3847/0004-637X/818/1/24},
  issn = {0004-637X},
  journal = {ApJ},
  number = {1},
  pages = {24},
  url = {http://dx.doi.org/10.3847/0004-637X/818/1/24},
  volume = {818},
  year = {2016}
}

@article{kpt69,
  author = {{Kellermann}, K. I. and {Pauliny-Toth}, I. I. K.},
  doi = {10.1086/180305},
  issn = {2041-8205},
  journal = {ApJL},
  pages = {71},
  url = {http://dx.doi.org/10.1086/180305},
  volume = {155},
  year = {1969}
}

@article{krl+99,
  author = {{Kirkpatrick}, J. D. and {Reid}, I. N. and {Liebert}, James and {Cutri}, Roc M. and {Nelson}, Brant and {Beichman}, Charles A. and {Dahn}, Conard C. and {Monet}, David G. and {Gizis}, John E. and {Skrutskie}, Michael F.},
  doi = {10.1086/307414},
  issn = {0004-637X},
  journal = {ApJ},
  number = {2},
  pages = {802},
  url = {http://dx.doi.org/10.1086/307414},
  volume = {519},
  year = {1999}
}

@article{l26,
  author = {{Luyten}, W. J.},
  journal = {Harvard College Observatory Bulletin},
  pages = {2},
  url = {http://adsabs.harvard.edu/abs/1926BHarO.835....2L},
  volume = {835},
  year = {1926}
}

@article{l76,
  author = {{Lomb}, N. R.},
  doi = {10.1007/BF00648343},
  issn = {0004-640X},
  journal = {Ap\&SS},
  pages = {447},
  url = {http://dx.doi.org/10.1007/BF00648343},
  volume = {39},
  year = {1976}
}

@article{lmg15,
  author = {{Lynch}, C. and {Mutel}, R. L. and {G\"{u}del}, M.},
  doi = {10.1088/0004-637X/802/2/106},
  issn = {0004-637X},
  journal = {ApJ},
  pages = {106},
  url = {http://dx.doi.org/10.1088/0004-637X/802/2/106},
  volume = {802},
  year = {2015}
}

@article{ltb+16,
  author = {{Leto}, P. and {Trigilio}, C. and {Buemi}, C. S. and {Umana}, G. and {Ingallinera}, A. and {Cerrigone}, L.},
  doi = {10.1093/mnras/stw639},
  issn = {0035-8711},
  journal = {MNRAS},
  pages = {1159},
  url = {http://dx.doi.org/10.1093/mnras/stw639},
  volume = {459},
  year = {2016}
}

@article{mbi+11,
  author = {{McLean}, M. and {Berger}, E. and {Irwin}, J. and {Forbrich}, J. and {Reiners}, A.},
  doi = {10.1088/0004-637x/741/1/27},
  issn = {0004-637X},
  journal = {ApJ},
  number = {1},
  pages = {27},
  url = {http://dx.doi.org/10.1088/0004-637x/741/1/27},
  volume = {741},
  year = {2011}
}

@article{mdb+99,
  author = {{Mart\'{\i}n}, Eduardo L. and {Delfosse}, Xavier and {Basri}, Gibor and {Goldman}, Bertrand and {Forveille}, Thierry and {Zapatero Osorio}, Maria R.},
  doi = {10.1086/301107},
  issn = {0004-6256},
  journal = {AJ},
  number = {5},
  pages = {2466},
  url = {http://dx.doi.org/10.1086/301107},
  volume = {118},
  year = {1999}
}

@article{mha+15,
  author = {{Metchev}, Stanimir A. and {Heinze}, Aren and {Apai}, D\'{a}niel and {Flateau}, Davin and {Radigan}, Jacqueline and {Burgasser}, Adam and {Marley}, Mark S. and {Artigau}, \'{E}tienne and {Plavchan}, Peter and {Goldman}, Bertrand},
  doi = {10.1088/0004-637X/799/2/154},
  issn = {0004-637X},
  journal = {ApJ},
  number = {2},
  pages = {154},
  url = {http://dx.doi.org/10.1088/0004-637X/799/2/154},
  volume = {799},
  year = {2015}
}

@article{o03,
  author = {{Ossendrijver}, Mathieu},
  doi = {10.1007/s00159-003-0019-3},
  issn = {0935-4956},
  journal = {A\&ARv},
  number = {4},
  pages = {287},
  publisher = {Springer-Verlag},
  url = {http://dx.doi.org/10.1007/s00159-003-0019-3},
  volume = {11},
  year = {2003}
}

@article{odbb+10,
  author = {{Offringa}, A. R. and {de Bruyn}, A. G. and {Biehl}, M. and {Zaroubi}, S. and {Bernardi}, G. and {Pandey}, V. N.},
  doi = {10.1111/j.1365-2966.2010.16471.x},
  issn = {1365-2966},
  journal = {MNRAS},
  number = {1},
  pages = {155},
  publisher = {Oxford University Press},
  url = {http://dx.doi.org/10.1111/j.1365-2966.2010.16471.x},
  volume = {405},
  year = {2010}
}

@article{ohbr06,
  author = {{Osten}, Rachel A. and {Hawley}, Suzanne L. and {Bastian}, Timothy S. and {Reid}, I. Neill},
  doi = {10.1086/498345},
  issn = {0004-637X},
  journal = {ApJ},
  number = {1},
  pages = {518},
  url = {http://dx.doi.org/10.1086/498345},
  volume = {637},
  year = {2006}
}

@article{ovdgr12,
  author = {{Offringa}, A. R. and {van de Gronde}, J. J. and {Roerdink}, J. B. T. M.},
  doi = {10.1051/0004-6361/201118497},
  issn = {1432-0746},
  journal = {A\&A},
  pages = {A95},
  url = {http://dx.doi.org/10.1051/0004-6361/201118497},
  volume = {539},
  year = {2012}
}

@article{rlja14,
  author = {{Radigan}, Jacqueline and {Lafreni\`{e}re}, David and {Jayawardhana}, Ray and {Artigau}, Etienne},
  doi = {10.1088/0004-637X/793/2/75},
  issn = {0004-637X},
  journal = {ApJ},
  number = {2},
  pages = {75},
  url = {http://dx.doi.org/10.1088/0004-637X/793/2/75},
  volume = {793},
  year = {2014}
}

@article{rw12,
  author = {{Route}, M. and {Wolszczan}, A.},
  doi = {10.1088/2041-8205/747/2/l22},
  issn = {2041-8205},
  journal = {ApJL},
  number = {2},
  pages = {L22},
  url = {http://dx.doi.org/10.1088/2041-8205/747/2/l22},
  volume = {747},
  year = {2012}
}

@article{rw13,
  author = {{Route}, Matthew and {Wolszczan}, Alexander},
  doi = {10.1088/0004-637X/773/1/18},
  issn = {0004-637X},
  journal = {ApJ},
  pages = {18},
  url = {http://dx.doi.org/10.1088/0004-637X/773/1/18},
  volume = {773},
  year = {2013}
}

@article{rw16,
  author = {{Route}, Matthew and {Wolszczan}, Alexander},
  doi = {10.3847/2041-8205/821/2/L21},
  issn = {2041-8205},
  journal = {ApJL},
  number = {2},
  pages = {L21},
  url = {http://dx.doi.org/10.3847/2041-8205/821/2/L21},
  volume = {821},
  year = {2016}
}

@article{s09,
  author = {{Schrijver}, Carolus J.},
  doi = {10.1088/0004-637X/699/2/L148},
  issn = {2041-8205},
  journal = {ApJL},
  number = {2},
  pages = {L148},
  url = {http://dx.doi.org/10.1088/0004-637X/699/2/L148},
  volume = {699},
  year = {2009}
}

@article{s67,
  author = {{Schatzman}, E.},
  doi = {10.1007/BF00151366},
  issn = {0038-0938},
  journal = {SoPh},
  pages = {411},
  url = {http://dx.doi.org/10.1007/BF00151366},
  volume = {1},
  year = {1967}
}

@article{s82,
  author = {{Scargle}, J. D.},
  doi = {10.1086/160554},
  issn = {0004-637X},
  journal = {ApJ},
  pages = {835},
  url = {http://dx.doi.org/10.1086/160554},
  volume = {263},
  year = {1982}
}

@article{sbh+14,
  author = {{Schlieder}, Joshua and {Bonnefoy}, Micka\"{e}l and {Herbst}, T. M. and {L\'{e}pine}, S\'{e}bastien and {Berger}, Edo and {Henning}, Thomas and {Skemer}, Andrew and {Chauvin}, Ga\"{e}l and {Rice}, Emily and {Biller}, Beth and {Girard}, Julien and {Lagrange}, Anne-Marie and {Hinz}, Philip and {Defr\`{e}re}, Denis and {Bergfors}, Carolina and {Brandner}, Wolfgang and {Lacour}, Sylvestre and {Skrutskie}, Michael and {Leisenring}, Jarron},
  doi = {10.1088/0004-637x/783/1/27},
  issn = {0004-637X},
  journal = {ApJ},
  number = {1},
  pages = {27},
  url = {http://dx.doi.org/10.1088/0004-637x/783/1/27},
  volume = {783},
  year = {2014}
}

@article{sl85,
  author = {{Saar}, S. H. and {Linsky}, J. L.},
  doi = {10.1086/184578},
  issn = {0004-637X},
  journal = {ApJ},
  pages = {47},
  url = {http://dx.doi.org/10.1086/184578},
  volume = {299},
  year = {1985}
}

@article{smf+06,
  author = {{Stelzer}, B. and {Micela}, G. and {Flaccomio}, E. and {Neuh\"{a}user}, R. and {Jayawardhana}, R.},
  doi = {10.1051/0004-6361:20053677},
  issn = {0004-6361},
  journal = {A\&A},
  number = {1},
  pages = {293},
  url = {http://dx.doi.org/10.1051/0004-6361\%3A20053677},
  volume = {448},
  year = {2006}
}

@article{t06,
  author = {{Treumann}, Rudolf},
  doi = {10.1007/s00159-006-0001-y},
  issn = {0935-4956},
  journal = {A\&ARv},
  number = {4},
  pages = {229},
  publisher = {Springer Berlin / Heidelberg},
  url = {http://dx.doi.org/10.1007/s00159-006-0001-y},
  volume = {13},
  year = {2006}
}

@inproceedings{the.casa,
  author = {{McMullin}, J. P. and {Waters}, B. and {Schiebel}, D. and {Young}, W. and {Golap}, K.},
  booktitle = {Astronomical Data Analysis Software and Systems XVI},
  editor = {{Shaw}, R. A. and {Hill}, F. and {Bell}, D. J.},
  pages = {127},
  series = {Astronomical Society of the Pacific Conference Series},
  url = {http://adsabs.harvard.edu/abs/2007ASPC..376..127M},
  volume = {376},
  year = {2007}
}

@article{the.ecmi,
  author = {{Wu}, C. S. and {Lee}, L. C.},
  doi = {10.1086/157120},
  issn = {0004-637X},
  journal = {ApJ},
  pages = {621},
  url = {http://dx.doi.org/10.1086/157120},
  volume = {230},
  year = {1979}
}

@article{the.mfs,
  author = {{Sault}, R. J. and {Wieringa}, M. H.},
  issn = {0365-0138},
  journal = {A\&AS},
  pages = {585},
  url = {http://adsabs.harvard.edu/abs/1994A\%26AS..108..585S},
  volume = {108},
  year = {1994}
}

@article{the.pdm,
  author = {{Stellingwerf}, R. F.},
  doi = {10.1086/156444},
  issn = {0004-637X},
  journal = {ApJ},
  pages = {953},
  url = {http://dx.doi.org/10.1086/156444},
  volume = {224},
  year = {1978}
}

@article{tlu+11,
  author = {{Trigilio}, Corrado and {Leto}, Paolo and {Umana}, Grazia and {Buemi}, Carla S. and {Leone}, Francesco},
  doi = {10.1088/2041-8205/739/1/l10},
  issn = {2041-8205},
  journal = {ApJL},
  number = {1},
  pages = {L10},
  url = {http://dx.doi.org/10.1088/2041-8205/739/1/l10},
  volume = {739},
  year = {2011}
}

@article{vhl+04,
  author = {{Vrba}, F. J. and {Henden}, A. A. and {Luginbuhl}, C. B. and {Guetter}, H. H. and {Munn}, J. A. and {Canzian}, B. and {Burgasser}, A. J. and {Davy Kirkpatrick}, J. and {Fan}, X. and {Geballe}, T. R. and {Golimowski}, D. A. and {Knapp}, G. R. and {Leggett}, S. K. and {Schneider}, D. P. and {Brinkmann}, J.},
  doi = {10.1086/383554},
  issn = {0004-6256},
  journal = {AJ},
  number = {5},
  pages = {2948},
  url = {http://dx.doi.org/10.1086/383554},
  volume = {127},
  year = {2004}
}

@article{vm40,
  author = {{van Maanen}, Adriaan},
  doi = {10.1086/144192},
  issn = {0004-637X},
  journal = {ApJ},
  pages = {503},
  url = {http://dx.doi.org/10.1086/144192},
  volume = {91},
  year = {1940}
}

@article{vum+16,
  author = {{Vaughan}, S. and {Uttley}, P. and {Markowitz}, A. G. and {Huppenkothen}, D. and {Middleton}, M. J. and {Alston}, W. N. and {Scargle}, J. D. and {Farr}, W. M.},
  doi = {10.1093/mnras/stw1412},
  issn = {0035-8711},
  journal = {MNRAS},
  pages = {3145},
  url = {http://dx.doi.org/10.1093/mnras/stw1412},
  volume = {461},
  year = {2016}
}

@article{wb15,
  author = {{Williams}, P. K. G. and {Berger}, E.},
  doi = {10.1088/0004-637X/808/2/189},
  issn = {0004-637X},
  journal = {ApJ},
  number = {2},
  pages = {189},
  url = {http://dx.doi.org/10.1088/0004-637X/808/2/189},
  volume = {808},
  year = {2015}
}

@article{wbi+15,
  author = {{Williams}, P. K. G. and {Berger}, E. and {Irwin}, J. and {Berta-Thompson}, Z. K. and {Charbonneau}, D.},
  doi = {10.1088/0004-637X/799/2/192},
  issn = {0004-637X},
  journal = {ApJ},
  number = {2},
  pages = {192},
  url = {http://dx.doi.org/10.1088/0004-637X/799/2/192},
  volume = {799},
  year = {2015}
}

@article{wbz13,
  author = {{Williams}, Peter K. G. and {Berger}, Edo and {Zauderer}, B. Ashley},
  doi = {10.1088/2041-8205/767/2/l30},
  issn = {2041-8205},
  journal = {ApJL},
  number = {2},
  pages = {L30},
  url = {http://dx.doi.org/10.1088/2041-8205/767/2/l30},
  volume = {767},
  year = {2013}
}

@article{wcb14,
  author = {{Williams}, P. K. G. and {Cook}, B. A. and {Berger}, E.},
  doi = {10.1088/0004-637X/785/1/9},
  issn = {0004-637X},
  journal = {ApJ},
  number = {1},
  pages = {9},
  url = {http://dx.doi.org/10.1088/0004-637X/785/1/9},
  volume = {785},
  year = {2014}
}

@article{whb+08,
  author = {{West}, Andrew A. and {Hawley}, Suzanne L. and {Bochanski}, John J. and {Covey}, Kevin R. and {Reid}, I. Neill and {Dhital}, Saurav and {Hilton}, Eric J. and {Masuda}, Michael},
  doi = {10.1088/0004-6256/135/3/785},
  issn = {0004-6256},
  journal = {AJ},
  pages = {785},
  url = {http://dx.doi.org/10.1088/0004-6256/135/3/785},
  volume = {135},
  year = {2008}
}

@article{whw+04,
  author = {{West}, A. A. and {Hawley}, S. L. and {Walkowicz}, L. M. and {Covey}, K. R. and {Silvestri}, N. M. and {Raymond}, S. N. and {Harris}, H. C. and {Munn}, J. A. and {McGehee}, P. M. and {Ivezi\'{c}}, \v{Z}eljko and {Brinkmann}, J.},
  doi = {10.1086/421364},
  issn = {0004-6256},
  journal = {AJ},
  pages = {426},
  url = {http://dx.doi.org/10.1086/421364},
  volume = {128},
  year = {2004}
}

@article{z15,
  author = {{Zangari}, Amanda},
  doi = {10.1016/j.icarus.2014.10.040},
  issn = {0019-1035},
  journal = {Icarus},
  pages = {93},
  url = {http://dx.doi.org/10.1016/j.icarus.2014.10.040},
  volume = {245},
  year = {2015}
}
