@book{SequenceExample,
    title = {A book with many sequences},
    author = "{\i} {\j} {\oe} {\OE} {\ae} {\AE} {\aa} {\AA} {\o} {\O} {\l} {\L} {\ss}",
}

@book{SequenceExample2,
    title = {A book with other sequences},
    author = {B{\"U}chi {\.I}lhan},
}
