@book{Nobody01,
    title = "A book",
    author = "Nobody Sr.",
    publisher = "Nobody",
    year = 2024,
}
