@misc{refA,
  author="No Body",
  title="An Article",
  year="2020"
}

@misc{refB,
  author="An Other",
  title="Rebuttal",
  year="2021"
}
