
@inproceedings { InProc01,
    title = "The Worst Subsection",
    crossref = "Proceedings01",
}
