
@inproceedings { InProc01,
    title = "The Best Subsection",
    crossref = "Proceedings01",
}

@inproceedings { InProc02,
    title = "The Worst Subsection",
    crossref = "Proceedings02",
}

@inproceedings { InProc03,
    title = "The Second-Worst Subsection",
    crossref = "Proceedings02",
}

@inproceedings { InProc04,
    title = "The Third-Worst Subsection",
    crossref = "Proceedings02",
}

# These have to go at the end!
@proceedings { Proceedings01,
    author = "Author, Proceedings",
    title = "The Best Proceedings Ever",
    year = "1998",
}

@proceedings { Proceedings02,
    author = "Author, Proceedings",
    title = "The Worst Proceedings Ever",
    year = "1998",
}
