@preamble { "This should appear before the bibliography" }