
@article { Article01,
    title = "Book Thing: A Book About Things",
    author = "Nobody III",
    publisher = "Publisher 1",
}
