@article{ Nobody01,
    author = "Nobody Jr and Nobody Sr and Nobody von Nobody",
    title = "My Article",
    year = "2006",
    journal = "NoJournal",
    volume = "1",
    number = "1",
    pages = "1--2",
}

@book{ Nobody02,
    author = "Nobody, Nobody",
    title = "My Book",
    year = "2023",
    publisher = "NothingCorp",
    address = "123 Example Street, Nowhere USA",
}

@misc { Nobody03 }

@misc { Nobody04 }
