@book { Book01,
    author = "Author McAuthor",
    title = "The book of all time",
    year = "1998",
    publisher = "Publisher",
}