@misc{ Nobody06,
       author = "Nobody Jr",
       title = "My Article",
       year = "2006" }
